@book{dimakopoulos2015parallila,
  title={Parallel Systems and Programming (in Greek)},
  author={Dimakopoulos, Vassilios},
  year={2017},
  publisher={Kallipos publications}
}

@article{danowitz2012cpu,
  title={{CPU DB}: recording microprocessor history},
  author={Danowitz, Andrew and Kelley, Kyle and Mao, James and Stevenson, John P and Horowitz, Mark},
  journal={Communications of the ACM},
  volume={55},
  number={4},
  pages={55--63},
  year={2012},
  publisher={ACM New York, NY, USA}
}

@book{rauber2010parallel,
  title={{P}arallel {P}rogramming: for {M}ulticore and {C}luster {S}ystems},
  author={Rauber, Thomas and R{\"u}nger, Gudula},
  year={2010},
  publisher={Springer Science \& Business Media}
}

@article{dagum1998openmp,
  title={Open{MP}: an industry standard {API} for shared-memory programming},
  author={Dagum, Leonardo and Menon, Ramesh},
  journal={IEEE computational science and engineering},
  volume={5},
  number={1},
  pages={46--55},
  year={1998},
  publisher={IEEE}
}

@online{openmpcompilers,
  title={Open{MP} Compilers},
  howpublished={\url{https://openmp.org/resources/openmp-compilers-tools/}}
}

@online{ompicompiler,
  title={{OMP}i compiler},
  howpublished={\url{https://paragroup.cse.uoi.gr/wpsite/software/ompi/}}
}

@inproceedings{bligh2004linux,
  title={Linux on {NUMA} systems},
  author={Bligh, Martin J and Dobson, Matt and Hart, Darren and Huizenga, Gerrit},
  booktitle={Proceedings of the Linux Symposium},
  volume={1},
  pages={89--102},
  year={2004}
}

@inproceedings{dobson2003linux,
  title={Linux support for {NUMA} hardware},
  author={Dobson, Matthew and Gaughen, Patricia and Hohnbaum, Michael and Focht, Erich},
  booktitle={Proc. Linux Symposium},
  volume={2003},
  year={2003},
  organization={Citeseer}
}

@inproceedings{broquedis2010hwloc,
  title={hwloc: A generic framework for managing hardware affinities in {HPC} applications},
  author={Broquedis, Fran{\c{c}}ois and Clet-Ortega, J{\'e}r{\^o}me and Moreaud, St{\'e}phanie and Furmento, Nathalie and Goglin, Brice and Mercier, Guillaume and Thibault, Samuel and Namyst, Raymond},
  booktitle={2010 18th Euromicro Conference on Parallel, Distributed and Network-based Processing},
  pages={180--186},
  year={2010},
  organization={IEEE}
}

@article{kleen2005numa,
  title={A {NUMA} {API} for {L}inux},
  author={Kleen, Andi},
  journal={Novel Inc},
  year={2005}
}

@misc{linux,
  title = {{L}inux {K}ernel},
  author={Torvalds, Linus},
  howpublished = {\url{https://github.com/torvalds/linux}}
}

@article{lameter2013numa,
  title={{NUMA} ({N}on-{U}niform {M}emory {A}ccess): {A}n {O}verview: {NUMA} becomes more common because memory controllers get close to execution units on microprocessors.},
  author={Lameter, Christoph},
  journal={Queue},
  volume={11},
  number={7},
  pages={40--51},
  year={2013},
  publisher={ACM New York, NY, USA}
}

@misc{numaman,
  title = {numa(3) - {L}inux manual page},
  howpublished = {\url{https://man7.org/linux/man-pages/man3/numa.3.html}}
}

@misc{openmp51,
  title={Open{MP} application programming interface v5.1},
  author={{OpenMP ARB}},
  howpublished={\url{https://www.openmp.org/wp-content/uploads/OpenMP-API-Specification-5-1.pdf}},
  year={2020}
}

@article{mellor1991algorithms,
  title={Algorithms for scalable synchronization on shared-memory multiprocessors},
  author={Mellor-Crummey, John M and Scott, Michael L},
  journal={ACM Transactions on Computer Systems (TOCS)},
  volume={9},
  number={1},
  pages={21--65},
  year={1991},
  publisher={ACM New York, NY, USA}
}

@article{conway2010cache,
  title={Cache hierarchy and memory subsystem of the {AMD} {O}pteron processor},
  author={Conway, Pat and Kalyanasundharam, Nathan and Donley, Gregg and Lepak, Kevin and Hughes, Bill},
  journal={IEEE micro},
  volume={30},
  number={2},
  pages={16--29},
  year={2010},
  publisher={IEEE}
}

@inproceedings{wang2012openmp,
  title={An {O}pen{MP} 3.1 {V}alidation {T}estsuite},
  author={Wang, Cheng and Chandrasekaran, Sunita and Chapman, Barbara},
  booktitle={International Workshop on OpenMP},
  pages={237--249},
  year={2012},
  organization={Springer}
}

@misc{ompvalsuite3,
  title = {Open{MP} {V}alidation {S}uite  {V} 3.0},
  howpublished = {\url{https://github.com/uhhpctools/omp-validation}}
}

@inproceedings{bull1999measuring,
  title={Measuring synchronisation and scheduling overheads in {O}pen{MP}},
  author={Bull, J Mark},
  booktitle={Proceedings of First European Workshop on OpenMP},
  volume={8},
  pages={49},
  year={1999},
  organization={Citeseer}
}